@incollection{generalTextMining,
  author      = {C. Aggarwal and C. Zhai},
  editor	  = {C. Aggarwal and C. Zhai},
  title       = {A survey of text classification algorithms},
  booktitle   = {Mining Text Data},
  publisher   = {Springer},
  year        = {2012},
  pages	      = {163-222}
}
@article{PangLee2008,
  title={Opinion mining and sentiment analysis},
  author={Pang, Bo and Lee, Lillian},
  journal={Foundations and trends in information retrieval},
  volume={2},
  number={1-2},
  pages={1--135},
  year={2008},
  publisher={Now Publishers Inc.}
}

@inproceedings{PangLee2004,
   author = {Bo Pang and Lillian Lee},
   title = {A Sentimental Education: Sentiment Analysis Using Subjectivity},
   year = {2004},
   pages = {271--278},
   booktitle = {Proceedings of ACL},
   note	     = {\url{http://www.aclweb.org/anthology/P04-1035}}
}
@inproceedings{PangLee2002,
   author = {Bo Pang and Lillian Lee and Shivakumar Vaithyanathan},
   title = {Thumbs Up? Sentiment Classification Using Machine Learning Techniques},
   year = {2002},
   pages = {79--86},
   booktitle = {Proceedings of EMNLP}
}

@inproceedings{Yu2003,
 author = {Yu, Hong and Hatzivassiloglou, Vasileios},
 title = {Towards Answering Opinion Questions: Separating Facts from Opinions and Identifying the Polarity of Opinion Sentences},
 booktitle = {Proceedings of the 2003 Conference on Empirical Methods in Natural Language Processing},
 series = {EMNLP '03},
 year = {2003},
 pages = {129--136},
 numpages = {8},
 url = {http://dx.doi.org/10.3115/1119355.1119372},
 doi = {10.3115/1119355.1119372},
 acmid = {1119372},
 publisher = {Association for Computational Linguistics},
 address = {Stroudsburg, PA, USA},
 note    = {\url{http://www.cs.columbia.edu/nlp/papers/2003/yu_hatzivassiloglou_03.pdf}}
} 
@inproceedings{Hatzivassiloglou,
 author = {Hatzivassiloglou, Vasileios and Wiebe, Janyce M.},
 title = {Effects of Adjective Orientation and Gradability on Sentence Subjectivity},
 booktitle = {Proceedings of the 18th Conference on Computational Linguistics - Volume 1},
 series = {COLING '00},
 year = {2000},
 isbn = {1-55860-717-X},
 location = {Saarbr\&\#252;cken, Germany},
 pages = {299--305},
 numpages = {7},
 url = {http://dx.doi.org/10.3115/990820.990864},
 doi = {10.3115/990820.990864},
 acmid = {990864},
 publisher = {Association for Computational Linguistics},
 address = {Stroudsburg, PA, USA},
} 

@ARTICLE {kamal2013,
    author  = {Ahmad Kamal},
    title   = {Subjectivity Classification using Machine Learning Techniques for Mining Feature-Opinion Pairs from Web Opinion Sources},
    journal = {Cornel University Library},
    year    = {2013?},
    note    = {\url{http://arxiv.org/ftp/arxiv/papers/1312/1312.6962.pdf}}
}
@PHDTHESIS {remus2015,
    author  = {Dipl. Inf. Robert Remus},
    title   = {Genre and Domain Dependencies in Sentiment Analysis},
    school  = {Universit√§t Leipzig},
    year    = {2015},
    howpublished = {\url{http://www.qucosa.de/fileadmin/data/qucosa/documents/16543/dissertation_rremus_angenommen_20150423.pdf}}
}
@ARTICLE {remus2011,
    author  = {Robert Remus},
    title   = {Improving Sentence-level Subjectivity Classification through Readability Measurement},
    journal = {University of Leipzig},
    year    = {2011},
    note    = {\url{http://asv.informatik.uni-leipzig.de/publication/file/175/0Remus_18.pdf}}
}
@article{Mclaughlin1969,
 ISSN = {00224103},
 URL = {http://www.jstor.org/stable/40011226},
 author = {G. Harry Mc Laughlin},
 journal = {Journal of Reading},
 number = {8},
 pages = {639-646},
 publisher = {[Wiley, International Reading Association]},
 title = {SMOG Grading-a New Readability Formula},
 volume = {12},
 year = {1969}
}
@ARTICLE {kraaij2008,
    author  = {Stephan Raaijmakers and Wessel Kraaij},
    title   = {A Shallow Approach to Subjectivity Classification},
    journal = {Cornel University Library},
    year    = {2008?},
    note    = {\url{https://www.aaai.org/Papers/ICWSM/2008/ICWSM08-051.pdf}}
}
@inproceedings{yessenalina2010,
  title	      = {Multi-level structured models for document-level sentiment classification},
  author      = {Yessenalina Ainur and Yue Yisong and Cardie Claire},
  booktitle   = {Proceedings of the 2010 Conference on Empirical Methods in Natural Language Processing},
  pages       = {1046--1056},
  year        = {2010},
  organization= {Association for Computational Linguistics},
  note        = {\url{http://www.cs.cornell.edu/~ainur/pubs/svmsle_emnlp2010.pdf}}	
}
@INPROCEEDINGS{Wiebe2001,
    author = {Janyce Wiebe and Theresa Wilson and Matthew Bell},
    title = {Identifying Collocations for Recognizing Opinions},
    booktitle = {In Proc. ACL-01 Workshop on Collocation: Computational Extraction, Analysis, and Exploitation},
    year = {2001},
    pages = {24--31}
}
@article{Murray2011,
 author = {Murray, Gabriel and Carenini, Giuseppe},
 title = {Subjectivity Detection in Spoken and Written Conversations},
 journal = {Nat. Lang. Eng.},
 issue_date = {July 2011},
 volume = {17},
 number = {3},
 month = jul,
 year = {2011},
 issn = {1351-3249},
 pages = {397--418},
 numpages = {22},
 url = {http://dx.doi.org/10.1017/S1351324910000264},
 doi = {10.1017/S1351324910000264},
 acmid = {2139678},
 publisher = {Cambridge University Press},
 address = {New York, NY, USA},
} 